@article{bartle1996hearts,
  title={Hearts, clubs, diamonds, spades: {P}layers who suit {MUD}s},
  author={Bartle, Richard},
  journal={Journal of MUD research},
  volume={1},
  number={1},
  pages={19},
  year={1996}
}

@article{stewart2011personality,
  title={Personality and play styles: {A} unified model},
  author={Bart Stewart},
  journal={Gamasutra, September},
  volume={1},
  year={2011}
}

@misc{bartleyoutube,
    title={Player {T}ype {T}heory: {U}ses and {A}buses | {R}ichard {BARTLE}},
    author={Richard Bartle},
    year={2012},
    month=mar,
    howpublished={\url [Online] Available: {https://www.youtube.com/watch?v=ZIzLbE-93nc}}
}

@misc{chartprofile,
    title={Example of {B}oard {G}ame {M}otivation {P}rofile report},
    author={Quantic Foundry},
    year={2016},
    month=sep,
    howpublished={\url [Online] Available: {https://apps.quanticfoundry.com/tabletop/demo/1/}}
}

@misc{quanticfoundry,
    title={The {Q}uantic {L}ab},
    author={Nick Yee, Nic Ducheneaut},
    year={2015},
    month=jul,
    howpublished={\url [Online] Available: {https://apps.quanticfoundry.com/lab/}}
}

@inproceedings{yee2016gamer,
  title={The {G}amer {M}otivation {P}rofile: {W}hat {W}e {L}earned {F}rom 250,000 {G}amers},
  author={Yee, Nick},
  booktitle={Proceedings of the 2016 {A}nnual {S}ymposium on {C}omputer-{H}uman {I}nteraction in {P}lay},
  pages={2--2},
  year={2016},
  organization={ACM}
}

@misc{cardboard,
    title={The {C}ardboard {R}epublic | {G}amers {A}rchetypes},
    year = {2012},
    month = nov,
    howpublished={\url [Online] Available: {http://www.cardboardrepublic.com/gamer-archetypes}}
}


@misc{boardgamegeek,
    title={What kind of board game player are you? {I}s there a quiz for this question? | {BoardGameGeek | BoardGameGeek}},
    year = {2013},
    month = oct,
    howpublished={\url [Online] Available: {https://boardgamegeek.com/thread/1051071/what-kind-board-game-player-are-you-there-quiz-que}}    
}

@article{rosewater2002timmy,
  title={Timmy, {J}ohnny, and {S}pike},
  author={Rosewater, Mark},
  journal={Wizards of the Coast},
  volume={11},
  year={2002}
}

@misc{cardboardquiz,
    title={What {G}amer are {Y}ou? | {T}he {C}ardboard {R}epublic},
    year = {2013},
    month = nov,
    howpublished={\url [Online] Available: {http://www.cardboardrepublic.com/quiz/questions.php}}
}

@article{rosewater2006timmy,
  title={{T}immy, {J}ohnny, and {S}pike {R}evisited},
  author={Rosewater, Mark},
  journal={Wizards of the Coast},
  year={2006}
}

@inproceedings{gold2011trigram,
  title={Trigram {T}immies and {B}ayesian {J}ohnnies: {P}robabilistic {M}odels of {P}ersonality in {D}ominion.},
  author={Gold, Kevin},
  booktitle={AIIDE},
  year={2011}
}

@inproceedings{nacke2011brainhex,
  title={Brain{H}ex: preliminary results from a neurobiological gamer typology survey},
  author={Nacke, Lennart E and Bateman, Chris and Mandryk, Regan L},
  booktitle={International Conference on Entertainment Computing},
  pages={288--293},
  year={2011},
  organization={Springer}
}

@article{goldberg1993structure,
  title={The structure of phenotypic personality traits.},
  author={Goldberg, Lewis R},
  journal={American psychologist},
  volume={48},
  number={1},
  pages={26},
  year={1993},
  publisher={American Psychological Association}
}

@article{chiappelli2005evidence,
  title={Evidence-based research in complementary and alternative medicine in history},
  author={Chiappelli, Francesco and Prolo, Paolo and Cajulis, Olivia S},
  journal={Evidence-based Complementary and Alternative Medicine},
  volume={2},
  number={4},
  pages={453--458},
  year={2005},
  publisher={Hindawi Publishing Corporation}
}

@article{merenda1987toward,
  title={Toward a four-factor theory of temperament and/or personality},
  author={Merenda, Peter F},
  journal={Journal of personality assessment},
  volume={51},
  number={3},
  pages={367--374},
  year={1987},
  publisher={Taylor \& Francis}
}

@book{keirsey1998please,
  title={Please understand me 2},
  author={Keirsey, David},
  year={1998},
  publisher={Prometheus Nemesis Book Company}
}

@article{mccrae1989reinterpreting,
  title={Reinterpreting the {M}yers-{B}riggs type indicator from the perspective of the five-factor model of personality},
  author={McCrae, Robert R and Costa, Paul T},
  journal={Journal of personality},
  volume={57},
  number={1},
  pages={17--40},
  year={1989},
  publisher={Wiley Online Library}
}

@inproceedings{durupinar2008creating,
  title={Creating crowd variation with the ocean personality model},
  author={Durupinar, Funda and Allbeck, Jan and Pelechano, Nuria and Badler, Norman},
  booktitle={Proceedings of the 7th international joint conference on {A}utonomous agents and multiagent systems-{V}olume 3},
  pages={1217--1220},
  year={2008},
  organization={International Foundation for Autonomous Agents and Multiagent Systems}
}

@article{pittenger1993measuring,
  title={Measuring the {MBTI}… and coming up short},
  author={Pittenger, David J},
  journal={Journal of Career Planning and Employment},
  volume={54},
  number={1},
  pages={48--52},
  year={1993}
}

@article{boyle1995myers,
  title={Myers-{B}riggs {T}ype {I}ndicator ({MBTI}): {S}ome {P}sychometric {L}imitations},
  author={Boyle, Gregory J},
  journal={Australian Psychologist},
  volume={30},
  number={1},
  pages={71--74},
  year={1995},
  publisher={Wiley Online Library}
}

@book{myers2010gifts,
  title={Gifts differing: {U}nderstanding personality type},
  author={Myers, Isabel and Myers, Peter},
  year={2010},
  publisher={Nicholas Brealey Publishing}
}

@misc{myerbriggs,
    title={{MBTI} basics},
    author={The {M}yers-{B}riggs {F}oundation},
    year={2004},
    month = dec,
    howpublished={\url [Online] Available: {http://www.myersbriggs.org/my-mbti-personality-type/mbti-basics/}}
}

@misc{werewolf,
	title={How to {P}lay - {W}erewolf},
    year = {2016},
    month = oct,
    howpublished={\url [Online] Available: {https://www.playwerewolf.co/rules/}}
}

@misc{resistance,
	title={The {R}esistance | {B}oard {G}ame | {B}oard{G}ame{G}eek},
    year = {2010},
    month = jan,
    howpublished={\url [Online] Available: {https://boardgamegeek.com/boardgame/41114/resistance}}
}

@article{campbella2002deep,
  title={Deep {B}lue},
  author={Campbella, Murray and Hoane Jr, A Joseph and Hsuc, Feng-hsiung},
  journal={Artificial Intelligence},
  volume={134},
  pages={57--83},
  year={2002}
}

@article{silver2016alphago,
	title={Research {B}log: {A}lpha{G}o: {M}astering the ancient game of {G}o with {M}achine {L}earning},
    author={Silver, David  and Hassabis, Demis},
    journal={Google {R}esearch {B}log},
    date={27 January 2016}
}

@misc{love2008general,
  title={General game playing: {G}ame description language specification},
  author={Love, Nathaniel and Hinrichs, Timothy and Haley, David and Schkufza, Eric and Genesereth, Michael},
  year={2008},
  publisher={Stanford Logic Group Computer Science Department Stanford University, Technical Report LG-2006-01}
}

@inproceedings{thielscher2010general,
  title={A {G}eneral {G}ame {D}escription {L}anguage for {I}ncomplete {I}nformation {G}ames.},
  author={Thielscher, Michael},
  booktitle={AAAI},
  volume={10},
  pages={994--999},
  year={2010},
  organization={Citeseer}
}

@inproceedings{schiffel2011reasoning,
  title={Reasoning {A}bout {G}eneral {G}ames {D}escribed in {GDL-II}.},
  author={Schiffel, Stephan and Thielscher, Michael},
  booktitle={AAAI},
  year={2011},
  organization={Citeseer}
}

@article{genesereth2014general,
  title={General game playing},
  author={Genesereth, Michael and Thielscher, Michael},
  journal={Synthesis Lectures on Artificial Intelligence and Machine Learning},
  volume={8},
  number={2},
  pages={1--229},
  year={2014},
  publisher={Morgan \& Claypool Publishers}
}

@inproceedings{helgadottir2016virtual,
  title={Virtual {G}eneral {G}ame {P}laying {A}gent},
  author={Helgad{\'o}ttir, Hafd{\'\i}s Erla and J{\'o}nsd{\'o}ttir, Svanhv{\'\i}t and Sigurdsson, Andri M{\'a}r and Schiffel, Stephan and Vilhj{\'a}lmsson, Hannes H{\"o}gni},
  booktitle={International Conference on Intelligent Virtual Agents},
  pages={464--469},
  year={2016},
  organization={Springer}
}

@misc{tiltyard,
  title={{GGP}.org | {T}iltyard},
  year = {2012},
  month = mar,
  howpublished="\url [Online] Available: {http://tiltyard.ggp.org/}"
}


@misc{researchggp,
  title={{GGP}.org - for {R}esearchers},
  year = {2016},
  month = apr,
  howpublished="\url [Online] Available: {http://www.ggp.org/researchers}"
}


@misc{datacollection,
	title={HUMAN GENERAL GAME PLAY TOURNAMENT - {I}nstructions},
    author={Stefania Crotti},
    year = {2017},
  	month = may,
    howpublished="\url [Online] Available: {https://goo.gl/ifUhRz}"
}

@misc{schreiber2013general,
  title={“General {G}ame {P}laying {B}ase {P}ackage},
  author={Schreiber, Sam and Landau, Alex},
  howpublished="\url{https://github.com/ggp-org/ggp-base}",
  year={2017}
}

@article{finnsson2007cadia,
  title={{CADIA}-{P}layer: {A} {G}eneral {G}ame {P}laying {A}gent},
  author={Finnsson, Hilmar},
  year={2007}
}

@article{bjornsson2009cadiaplayer,
  title={Cadiaplayer: {A} simulation-based general game player},
  author={Bjornsson, Yngvi and Finnsson, Hilmar},
  journal={IEEE Transactions on Computational Intelligence and AI in Games},
  volume={1},
  number={1},
  pages={4--15},
  year={2009},
  publisher={IEEE}
}

@misc{cadiaplayer,
	title={Cadia{P}layer},
    year = {2012},
  	month = dec,
	howpublished={\url [Online] Available: {http://cadia.ru.is/wiki/public:cadiaplayer:main}}
}

@article{gelly2011monte,
  title={Monte-Carlo tree search and rapid action value estimation in computer Go},
  author={Gelly, Sylvain and Silver, David},
  journal={Artificial Intelligence},
  volume={175},
  number={11},
  pages={1856--1875},
  year={2011},
  publisher={Elsevier}
}

@article{szita2009monte,
  title={Monte-Carlo Tree Search in Settlers of Catan.},
  author={Szita, Istv{\'a}n and Chaslot, Guillaume and Spronck, Pieter},
  journal={ACG},
  volume={6048},
  pages={21--32},
  year={2009},
  publisher={Springer}
}

@article{santoevaluating,
  title={Evaluating MCTS in a New AI Framework for Hearts},
  author={Santo, Wells L and Wong, Anthony}
}

@article{lorentz2008amazons,
  title={Amazons discover monte-carlo},
  author={Lorentz, Richard},
  journal={Computers and games},
  pages={13--24},
  year={2008},
  publisher={Springer}
}

@article{winands2010monte,
  title={Monte Carlo tree search in lines of action},
  author={Winands, Mark HM and Bjornsson, Yngvi and Saito, Jahn-Takeshi},
  journal={IEEE Transactions on Computational Intelligence and AI in Games},
  volume={2},
  number={4},
  pages={239--250},
  year={2010},
  publisher={IEEE}
}

@inproceedings{winands2009evaluation,
  title={Evaluation function based monte-carlo LOA},
  author={Winands, Mark HM and Bj{\"o}rnsson, Yngvi},
  booktitle={Advances in Computer Games},
  pages={33--44},
  year={2009},
  organization={Springer}
}

@article{perez20162014,
  title={The 2014 general video game playing competition},
  author={Perez-Liebana, Diego and Samothrakis, Spyridon and Togelius, Julian and Schaul, Tom and Lucas, Simon M and Cou{\"e}toux, Adrien and Lee, Jerry and Lim, Chong-U and Thompson, Tommy},
  journal={IEEE Transactions on Computational Intelligence and AI in Games},
  volume={8},
  number={3},
  pages={229--243},
  year={2016},
  publisher={IEEE}
}

@article{browne2012survey,
  title={A survey of monte carlo tree search methods},
  author={Browne, Cameron B and Powley, Edward and Whitehouse, Daniel and Lucas, Simon M and Cowling, Peter I and Rohlfshagen, Philipp and Tavener, Stephen and Perez, Diego and Samothrakis, Spyridon and Colton, Simon},
  journal={IEEE Transactions on Computational Intelligence and AI in games},
  volume={4},
  number={1},
  pages={1--43},
  year={2012},
  publisher={IEEE}
}

@article{chaslot2008progressive,
  title={Progressive strategies for Monte-Carlo tree search},
  author={Chaslot, Guillaume M JB and Winands, Mark HM and HERIK, H JAAP VAN DEN and Uiterwijk, Jos WHM and Bouzy, Bruno},
  journal={New Mathematics and Natural Computation},
  volume={4},
  number={03},
  pages={343--357},
  year={2008},
  publisher={World Scientific}
}

@inproceedings{kocsis2006bandit,
  title={Bandit based monte-carlo planning},
  author={Kocsis, Levente and Szepesv{\'a}ri, Csaba},
  booktitle={ECML},
  volume={6},
  pages={282--293},
  year={2006},
  organization={Springer}
}

@article{auer2002finite,
  title={Finite-time analysis of the multiarmed bandit problem},
  author={Auer, Peter and Cesa-Bianchi, Nicolo and Fischer, Paul},
  journal={Machine learning},
  volume={47},
  number={2-3},
  pages={235--256},
  year={2002},
  publisher={Springer}
}

@article{kocsis2006improved,
  title={Improved monte-carlo search},
  author={Kocsis, Levente and Szepesv{\'a}ri, Csaba and Willemson, Jan},
  journal={Univ. Tartu, Estonia, Tech. Rep},
  volume={1},
  year={2006}
}

@inproceedings{shivaswamy2012multi,
  title={Multi-armed bandit problems with history},
  author={Shivaswamy, Pannagadatta and Joachims, Thorsten},
  booktitle={Artificial Intelligence and Statistics},
  pages={1046--1054},
  year={2012}
}

@article{lai1985asymptotically,
  title={Asymptotically efficient adaptive allocation rules},
  author={Lai, Tze Leung and Robbins, Herbert},
  journal={Advances in applied mathematics},
  volume={6},
  number={1},
  pages={4--22},
  year={1985},
  publisher={Elsevier}
}

@inproceedings{rothkopf2011preference,
  title={Preference elicitation and inverse reinforcement learning},
  author={Rothkopf, Constantin A and Dimitrakakis, Christos},
  booktitle={Joint European Conference on Machine Learning and Knowledge Discovery in Databases},
  pages={34--48},
  year={2011},
  organization={Springer}
}

@inproceedings{gelly2007combining,
  title={Combining online and offline knowledge in UCT},
  author={Gelly, Sylvain and Silver, David},
  booktitle={Proceedings of the 24th international conference on Machine learning},
  pages={273--280},
  year={2007},
  organization={ACM}
}

@inproceedings{helmbold2009all,
  title={All-Moves-As-First Heuristics in Monte-Carlo Go.},
  author={Helmbold, David P and Parker-Wood, Aleatha},
  booktitle={IC-AI},
  pages={605--610},
  year={2009}
}

@techreport{brugmann1993monte,
  title={Monte carlo go},
  author={Br{\"u}gmann, Bernd},
  year={1993},
  institution={Technical report, Physics Department, Syracuse University Syracuse, NY}
}

@inproceedings{finnsson2008simulation,
  title={Simulation-Based Approach to General Game Playing.},
  author={Finnsson, Hilmar and Bj{\"o}rnsson, Yngvi},
  booktitle={AAAI},
  volume={8},
  pages={259--264},
  year={2008}
}

@inproceedings{finnsson2009simulation,
  title={Simulation control in general game playing agents},
  author={Finnsson, Hilmar and Bj{\"o}rnsson, Yngvi},
  booktitle={Proc. Int. Joint Conf. Artif. Intell. Workshop Gen. Game Playing, Pasadena, California},
  pages={21--26},
  year={2009}
}

@inproceedings{cazenave2015generalized,
  title={Generalized Rapid Action Value Estimation.},
  author={Cazenave, Tristan},
  booktitle={IJCAI},
  volume={15},
  pages={754--760},
  year={2015}
}

@article{schaeffer1989history,
  title={The history heuristic and alpha-beta search enhancements in practice},
  author={Schaeffer, Jonathan},
  journal={IEEE transactions on pattern analysis and machine intelligence},
  volume={11},
  number={11},
  pages={1203--1212},
  year={1989},
  publisher={IEEE}
}

@article{chaslot2010monte,
  title={Monte-carlo tree search},
  author={Chaslot, Guillaume},
  journal={Maastricht: Universiteit Maastricht},
  year={2010}
}

@inproceedings{finnsson2012generalized,
  title={Generalized Monte-Carlo Tree Search Extensions for General Game Playing.},
  author={Finnsson, Hilmar},
  booktitle={AAAI},
  year={2012}
}

@inproceedings{finnsson2010learning,
  title={Learning Simulation Control in General Game-Playing Agents.},
  author={Finnsson, Hilmar and Bj{\"o}rnsson, Yngvi},
  booktitle={AAAI},
  volume={10},
  pages={954--959},
  year={2010}
}

@article{genesereth2005general,
  title={General game playing: Overview of the AAAI competition},
  author={Genesereth, Michael and Love, Nathaniel and Pell, Barney},
  journal={AI magazine},
  volume={26},
  number={2},
  pages={62},
  year={2005}
}

@book{holland1992adaptation,
  title={Adaptation in natural and artificial systems: an introductory analysis with applications to biology, control, and artificial intelligence},
  author={Holland, John Henry},
  year={1992},
  publisher={MIT press}
}

@book{mitchell1998introduction,
  title={An introduction to genetic algorithms},
  author={Mitchell, Melanie},
  year={1998},
  publisher={MIT press}
}

@book{wahde2008biologically,
  title={Biologically inspired optimization methods: an introduction},
  author={Wahde, Mattias},
  year={2008},
  publisher={WIT press}
}

@article{miller1995genetic,
  title={Genetic algorithms, tournament selection, and the effects of noise},
  author={Miller, Brad L and Goldberg, David E and others},
  journal={Complex systems},
  volume={9},
  number={3},
  pages={193--212},
  year={1995},
  publisher={[Champaign, IL, USA: Complex Systems Publications, Inc., c1987-}
}

@inproceedings{baluja1995removing,
  title={Removing the genetics from the standard genetic algorithm},
  author={Baluja, Shumeet and Caruana, Rich},
  booktitle={Machine Learning: Proceedings of the Twelfth International Conference},
  pages={38--46},
  year={1995}
}

@inproceedings{baker1985adaptive,
  title={Adaptive selection methods for genetic algorithms},
  author={Baker, James Edward},
  booktitle={Proceedings of an International Conference on Genetic Algorithms and their applications},
  pages={101--111},
  year={1985},
  organization={Hillsdale, New Jersey}
}

@misc{blickle1995comparison,
  title={A comparison of selection schemes used in genetic algorithms},
  author={Blickle, Tobias and Thiele, Lothar},
  year={1995},
  publisher={TIK-Report}
}

@article{umbarkar2015crossover,
  title={CROSSOVER OPERATORS IN GENETIC ALGORITHMS: A REVIEW.},
  author={Umbarkar, AJ and Sheth, PD},
  journal={ICTACT journal on soft computing},
  volume={6},
  number={1},
  year={2015}
}

@article{ladkany2012genetic,
  title={A genetic algorithm with weighted average normally-distributed arithmetic crossover and twinkling},
  author={Ladkany, George S and Trabia, Mohamed B},
  journal={Applied Mathematics},
  volume={3},
  number={10},
  pages={1220},
  year={2012},
  publisher={Scientific Research Publishing}
}

@article{schaeffer2002games,
  title={Games, computers, and artificial intelligence},
  author={Schaeffer, Jonathan and Van den Herik, H Jaap},
  journal={Artificial Intelligence},
  volume={134},
  number={1-2},
  pages={1--7},
  year={2002},
  publisher={Elsevier}
}

@inproceedings{soni2008bots,
  title={Bots trained to play like a human are more fun},
  author={Soni, Bhuman and Hingston, Philip},
  booktitle={2008 IEEE International Joint Conference on Neural Networks (IEEE World Congress on Computational Intelligence)},
  pages={363--369},
  year={2008},
  organization={IEEE}
}

@article{cho2006exploiting,
  title={Exploiting intelligence in fighting action games using neural networks},
  author={Cho, Byeong Heon and Jung, Sung Hoon and Seong, Yeong Rak and Oh, Ha Ryoung},
  journal={IEICE transactions on information and systems},
  volume={89},
  number={3},
  pages={1249--1256},
  year={2006},
  publisher={The Institute of Electronics, Information and Communication Engineers}
}

@inproceedings{zanetti2004machine,
  title={Machine learning techniques for fps in q3},
  author={Zanetti, Stephano and Rhalibi, Abdennour El},
  booktitle={Proceedings of the 2004 ACM SIGCHI International Conference on Advances in computer entertainment technology},
  pages={239--244},
  year={2004},
  organization={ACM}
}

@inproceedings{gorman2006believability,
  title={Believability testing and bayesian imitation in interactive computer games},
  author={Gorman, Bernard and Thurau, Christian and Bauckhage, Christian and Humphrys, Mark},
  booktitle={International Conference on Simulation of Adaptive Behavior},
  pages={655--666},
  year={2006},
  organization={Springer}
}

@article{mirandaneuroevolution,
  title={A Neuroevolution Approach to Imitating Human-Like Play in Ms. Pac-Man Video Game},
  author={Miranda, Maximiliano and S{\'a}nchez-Ruiz, Antonio A and Peinado, Federico}
}

@article{spronck2003improving,
  title={Improving opponent intelligence through offline evolutionary learning},
  author={Spronck, Pieter and Sprinkhuizen-Kuyper, Ida and Postma, Eric},
  journal={International Journal of Intelligent Games and Simulation},
  volume={2},
  number={1},
  pages={20--27},
  year={2003}
}

@inproceedings{spronck2003online,
  title={Online adaptation of game opponent AI in simulation and in practice},
  author={Spronck, Pieter and Sprinkhuizen-Kuyper, Ida and Postma, Eric},
  booktitle={Proceedings of the 4th International Conference on Intelligent Games and Simulation},
  pages={93--100},
  year={2003}
}

@article{devlin2016combining,
  title={Combining Gameplay Data With Monte Carlo Tree Search To Emulate Human Play},
  author={Devlin, Sam and Anspoka, Anastasija and Sephton, Nick and Cowling, Peter I and Rollason, Jeff},
  year={2016}
}

@article{khalifamodifying,
  title={Modifying MCTS for Human-like General Video Game Playing},
  author={Khalifa, Ahmed and Isaksen, Aaron and Togelius, Julian and Nealen, Andy}
}

@article{gelly2006modification,
  title={Modification of UCT with patterns in Monte-Carlo Go},
  author={Gelly, Sylvain and Wang, Yizao and Teytaud, Olivier and Patterns, Modification Uct and Tao, Projet},
  year={2006},
  publisher={Citeseer}
}

@article{enzenberger2010fuego,
  title={Fuego - an open-source framework for board games and Go engine based on Monte Carlo tree search},
  author={Enzenberger, Markus and Muller, Martin and Arneson, Broderick and Segal, Richard},
  journal={IEEE Transactions on Computational Intelligence and AI in Games},
  volume={2},
  number={4},
  pages={259--270},
  year={2010},
  publisher={IEEE}
}

@article{hosu2016playing,
  title={Playing Atari Games with Deep Reinforcement Learning and Human Checkpoint Replay},
  author={Hosu, Ionel-Alexandru and Rebedea, Traian},
  journal={arXiv preprint arXiv:1607.05077},
  year={2016}
}

@inproceedings{freed2000towards,
  title={Towards more human-like computer opponents},
  author={Freed, Michael and Bear, Travis and Goldman, Herrick and Hyatt, Geoffrey and Reber, Paul and Tauber, Joshua},
  booktitle={Working Notes of the AAAI Spring Symposium on Artificial Intelligence and Interactive Entertainment},
  number={1},
  pages={22--26},
  year={2000}
}

@article{martinez2016creating,
  title={Creating AI Characters for Fighting Games using Genetic Programming},
  author={Martinez-Arellano, Giovanna and Cant, Richard and Woods, David},
  journal={IEEE Transactions on Computational Intelligence and AI in Games},
  year={2016},
  publisher={IEEE}
}

@inproceedings{isaksen2015exploring,
  title={Exploring Game Space Using Survival Analysis.},
  author={Isaksen, Aaron and Gopstein, Daniel and Nealen, Andrew},
  booktitle={FDG},
  year={2015}
}

@article{simon1992game,
  title={The game of chess},
  author={Simon, Herbert A and Schaeffer, Jonathan},
  journal={Handbook of game theory with economic applications},
  volume={1},
  pages={1--17},
  year={1992},
  publisher={Elsevier}
}

@inproceedings{thurau2004learning,
  title={Learning human-like movement behavior for computer games},
  author={Thurau, Christian and Bauckhage, Christian and Sagerer, Gerhard},
  booktitle={Proc. Int. Conf. on the Simulation of Adaptive Behavior},
  pages={315--323},
  year={2004}
}

@article{holmgaard2016procedural,
  title={Procedural Personas for Player Decision Modeling and Procedural Content Generation},
  author={Holmg{\aa}rd, Christoffer},
  year={2016}
}

@book{kahneman2011thinking,
  title={Thinking, fast and slow},
  author={Kahneman, Daniel},
  year={2011},
  publisher={Macmillan}
}

@article{togelius2011search,
  title={Search-based procedural content generation: A taxonomy and survey},
  author={Togelius, Julian and Yannakakis, Georgios N and Stanley, Kenneth O and Browne, Cameron},
  journal={IEEE Transactions on Computational Intelligence and AI in Games},
  volume={3},
  number={3},
  pages={172--186},
  year={2011},
  publisher={IEEE}
}

@inproceedings{holmgaard2015monte,
  title={Monte-carlo tree search for persona based player modeling},
  author={Holmg{\aa}rd, Christoffer and Liapis, Antonios and Togelius, Julian and Yannakakis, Georgios N},
  booktitle={Eleventh Artificial Intelligence and Interactive Digital Entertainment Conference},
  year={2015}
}

@phdthesis{pell1993strategy,
  title={Strategy generation and evaluation for meta-game playing},
  author={Pell, Barney},
  year={1993},
  school={University of Cambridge Cambridge, England}
}

@article{bellman1957markovian,
  title={A Markovian decision process},
  author={Bellman, Richard},
  journal={Journal of Mathematics and Mechanics},
  pages={679--684},
  year={1957},
  publisher={JSTOR}
}

@article{genesereth2013international,
  title={The international general game playing competition},
  author={Genesereth, Michael and Bj{\"o}rnsson, Yngvi},
  journal={AI Magazine},
  volume={34},
  number={2},
  pages={107},
  year={2013}
}

@misc{connect4,
    title={G{GP}.org | {V}iew | {C}onnect {F}our},
    howpublished={\url [Online] Available: {http://www.ggp.org/view/tiltyard/games/base/connectFour/v0/}}
}

@misc{checkers,
    title={G{GP}.org | {V}iew | {C}heckers},
    howpublished={\url [Online] Available: {http://www.ggp.org/view/tiltyard/games/base/checkers/v0/}}
}

@misc{nineboards,
    title={G{GP}.org | {V}iew | {N}ine-{B}oard {T}ic-{T}ac-{T}oe},
    howpublished={\url [Online] Available: {http://www.ggp.org/view/tiltyard/games/base/nineBoardTicTacToe/v0/}}
}

@misc{skirmish,
    title={G{GP}.org | {V}iew | {S}kirmish},
    howpublished={\url [Online] Available: {http://www.ggp.org/view/tiltyard/games/base/skirmish/v0/}}
}

@article{chipperfield1997introduction,
  title={Introduction to genetic algorithms},
  author={Chipperfield, A},
  journal={IEE CONTROL ENGINEERING SERIES},
  pages={1--2},
  year={1997},
  publisher={PETER PEREGRINUS LTD}
}

@article{hopcroft2006automata,
  title={Automata theory, languages, and computation},
  author={Hopcroft, John E and Motwani, Rajeev and Ullman, Jeffrey D},
  journal={International Edition},
  volume={24},
  year={2006}
}

@book{kleinberg2006algorithm,
  title={Algorithm design},
  author={Kleinberg, Jon and Tardos, Eva},
  year={2006},
  publisher={Pearson Education India}
}

@book{west2001introduction,
  title={Introduction to graph theory},
  author={West, Douglas Brent and others},
  volume={2},
  year={2001},
  publisher={Prentice hall Upper Saddle River}
}

@article{russell1995modern,
  title={A modern approach},
  author={Russell, Stuart and Norvig, Peter and Intelligence, Artificial},
  journal={Artificial Intelligence. Prentice-Hall, Egnlewood Cliffs},
  volume={25},
  pages={27},
  year={1995}
}

@article{scholz1983decision,
  title={Decision making under uncertainty},
  author={Scholz, Roland W},
  journal={Decision Making under Uncertainty: Cognitive Decision Research, Social Interaction, Development and Epistemology},
  volume={16},
  pages={3},
  year={1983},
  publisher={Elsevier}
}

@book{norris1998markov,
  title={Markov chains},
  author={Norris, James R},
  number={2},
  year={1998},
  publisher={Cambridge university press}
}

@book{puterman2014markov,
  title={Markov decision processes: discrete stochastic dynamic programming},
  author={Puterman, Martin L},
  year={2014},
  publisher={John Wiley \& Sons}
}

@inproceedings{ng2000algorithms,
  title={Algorithms for inverse reinforcement learning.},
  author={Ng, Andrew Y and Russell, Stuart J and others},
  booktitle={Icml},
  pages={663--670},
  year={2000}
}

@inproceedings{pelikan2003hierarchical,
  title={Hierarchical Bayesian optimization algorithm: Toward a new generation of evolutionary algorithms},
  author={Pelikan, Martin and Goldberg, David E and Tsutsui, Shigeyoshi},
  booktitle={SICE 2003 Annual Conference},
  volume={3},
  pages={2738--2743},
  year={2003},
  organization={IEEE}
}

@inproceedings{wawrzynczak2014data,
  title={Data-driven genetic algorithm in bayesian estimation of the abrupt atmospheric contamination source},
  author={Wawrzynczak, A and Jaroszynski, Marcin and Borysiewicz, Mieczyslaw},
  booktitle={Computer Science and Information Systems (FedCSIS), 2014 Federated Conference on},
  pages={519--527},
  year={2014},
  organization={IEEE}
}

@article{turner2012375,
title = {Approximate Bayesian computation with differential evolution},
journal = {Journal of Mathematical Psychology},
volume = {56},
number = {5},
pages = {375 - 385},
year = {2012},
author = {Brandon M. Turner and Per B. Sederberg}
}

@inproceedings{coulom2006efficient,
  title={Efficient selectivity and backup operators in Monte-Carlo tree search},
  author={Coulom, R{\'e}mi},
  booktitle={International conference on computers and games},
  pages={72--83},
  year={2006},
  organization={Springer}
}

@misc{javadatatypes,
    title={Primitive Data Types (The Java™ Tutorials >        
            Learning the Java Language > Language Basics)},
    author={Oracle},
    year={2006},
    month=aug,
    howpublished={\url [Online] Available: {https://docs.oracle.com/javase/tutorial/java/nutsandbolts/datatypes.html}}
}

@book{murphy2012machine,
  title={Machine learning: a probabilistic perspective},
  author={Murphy, Kevin P},
  year={2012},
  publisher={MIT press}
}